@article{art,
  author = {},
  journal = {},
  pages = {},
  number = {},
  title = {},
  volume = {},
  year = {}
}


@misc{int,
  author = {},
  title = {},
  howpublished = "\url{}",
  year = {}, 
  note = "[Online; accessed 19-July-2008]"
}

@BOOK{bok,
         AUTHOR = {},
         title = {},
         PUBLISHER = {},
         YEAR    = {}
}

@inproceedings{Hammer13,
  author    = {Hammer, Hugo and Bratterud, Alfred and Fagernes, Siri},
  title = {Crawling {J}avaScript websites using {W}eb{K}it – with
application to analysis of hate speech in online discussions},
  booktitle = {Norwegian informatics conference},
  year      = 2013
}



@inproceedings{Chen10,
  author    = {Bi Chen and
               Leilei Zhu and
               Daniel Kifer and
               Dongwon Lee},
  title = {{W}hat {I}s an {O}pinion {A}bout? {E}xploring {P}olitical {S}tandpoints {U}sing {O}pinion {S}coring {M}odel},
  booktitle = {{AAAI}},
  year      = 2010
}

@inproceedings{Tumasjan2010,
	author = {Tumasjan, Andranik and Sprenger, Timm O and Sandner, Philipp G and Welpe, Isabell M},
	booktitle = {{P}roceedings of the fourth international aaai conference on weblogs and social media},
	pages = {178--185},
	title = {{P}redicting elections with twitter: {W}hat 140 characters reveal about political sentiment},
	year = {2010}
}



@inproceedings{Jiang11,
 author = {Jiang, Long and Yu, Mo and Zhou, Ming and Liu, Xiaohua and Zhao, Tiejun},
 title = {{T}arget-dependent {T}witter {S}entiment {C}lassification},
 booktitle = {{P}roceedings of the 49th {A}nnual {M}eeting of the {A}ssociation for {C}omputational {L}inguistics: {H}uman {L}anguage {T}echnologies - {V}olume 1},
 series = {HLT '11},
 year = {2011},
 isbn = {978-1-932432-87-9},
 location = {Portland, Oregon},
 pages = {151--160},
 numpages = {10},
 url = {http://dl.acm.org/citation.cfm?id=2002472.2002492},
 acmid = {2002492},
 publisher = {Association for Computational Linguistics},
 address = {Stroudsburg, PA, USA},
} 

@inproceedings{Hu04,
 author = {Hu, Minqing and Liu, Bing},
 title = {{M}ining and {S}ummarizing {C}ustomer {R}eviews},
 booktitle = {{P}roceedings of the {T}enth {ACM} {SIGKDD} {I}nternational {C}onference on {K}nowledge {D}iscovery and {D}ata {M}ining},
 series = {KDD '04},
 year = {2004},
 isbn = {1-58113-888-1},
 location = {Seattle, WA, USA},
 pages = {168--177},
 numpages = {10},
 url = {http://doi.acm.org/10.1145/1014052.1014073},
 doi = {10.1145/1014052.1014073},
 acmid = {1014073},
 publisher = {ACM},
 address = {New York, NY, USA},
 keywords = {reviews, sentiment classification, summarization, text mining},
} 

@inproceedings{Ding08,
 author = {Ding, Xiaowen and Liu, Bing and Yu, Philip S.},
 title = {{A} {H}olistic {L}exicon-based {A}pproach to {O}pinion {M}ining},
 booktitle = {{P}roceedings of the 2008 {I}nternational {C}onference on {W}eb {S}earch and {D}ata {M}ining},
 series = {WSDM '08},
 year = {2008},
 isbn = {978-1-59593-927-2},
 location = {Palo Alto, California, USA},
 pages = {231--240},
 numpages = {10},
 url = {http://doi.acm.org/10.1145/1341531.1341561},
 doi = {10.1145/1341531.1341561},
 acmid = {1341561},
 publisher = {ACM},
 address = {New York, NY, USA},
 keywords = {context dependent opinions, opinion mining, sentiment analysis},
} 

@article{Jagtap13,
  author = {V. S. Jagtap and Karishma Pawar},
  journal = {International Journal of Scientific Engineering and Technology},
  pages = {164--170},
  number = {3},
  title = {{A}nalysis of different approaches to {S}entence-{L}evel {S}entiment {C}lassification},
  volume = {2},
  year = {2013}
}

@inproceedings{Wei10,
 author = {Wei, Wei and Gulla, Jon Atle},
 title = {{S}entiment {L}earning on {P}roduct {R}eviews via {S}entiment {O}ntology {T}ree},
 booktitle = {{P}roceedings of the 48th {A}nnual {M}eeting of the {A}ssociation for {C}omputational {L}inguistics},
 series = {ACL '10},
 year = {2010},
 location = {Uppsala, Sweden},
 pages = {404--413},
 numpages = {10},
 url = {http://dl.acm.org/citation.cfm?id=1858681.1858723},
 acmid = {1858723},
 publisher = {Association for Computational Linguistics},
 address = {Stroudsburg, PA, USA},
} 

@inproceedings{Kim07,
  added-at = {2009-03-18T13:40:43.000+0100},
  author = {Kim, Soo-Min and Hovy, Eduard},
  biburl = {http://www.bibsonomy.org/bibtex/2d59e99cb87e255b7e1aef65aaffe7261/om},
  booktitle = {{P}roceedings of the {J}oint {C}onference on {E}mpirical {M}ethods in {N}atural
	Language Processing and Computational Natural Language Learning (EMNLP-CoNLL)},
  interhash = {46797f6cf3221c5e6356eaa4e39a35ca},
  intrahash = {d59e99cb87e255b7e1aef65aaffe7261},
  keywords = {analysis mining opinion sentiment},
  timestamp = {2009-03-18T13:40:43.000+0100},
  title = {{C}rystal: {A}nalyzing {P}redictive {O}pinions on the {W}eb},
  year = 2007
}


@book{Bing12,
  author    = {Bing Liu},
  title = {{S}entiment {A}nalysis and {O}pinion {M}ining},
  publisher = {Morgan {\&} Claypool Publishers},
  series    = {Synthesis Lectures on Human Language Technologies},
  year      = {2012},
  ee        = {http://dx.doi.org/10.2200/S00416ED1V01Y201204HLT016},
  bibsource = {DBLP, http://dblp.uni-trier.de}
}

@ARTICLE{Hotho05,
    author = {Andreas Hotho and Andreas N\"urnberger and Gerhard Paaß},
    title = {{A} brief survey of text mining},
    journal = {LDV Forum - GLDV Journal for Computational Linguistics and Language Technology},
    year = 2005
}

@article{Baharudin10,
	author = {Baharum Baharudin and Lam Hong Lee and Khairullah Khan},
	title = {{A} {R}eview of {M}achine {L}earning {A}lgorithms for {T}ext-{D}ocuments {C}lassification},
	journal = {Journal of Advances in Information Technology},
	volume = {1},
	number = {1},
	year = {2010},
	keywords = {Text mining, Web mining, Documents classification, Information retrieval}
}

@BOOK{Walpole12,
         AUTHOR = {Ronald Walpole and Raymond Myers and Sharon Myers and Keying Ye},
         title = {{P}robability \& {S}tatistics for engeneers and scientists, {N}inth edition},
         PUBLISHER = {Pearson},
         YEAR    = {2012}
}

@misc{EB,
  author = {BergensTidene},
  title = {{B}ergen blogger arrested (norwegian)},
  howpublished = "\url{http://www.bt.no/nyheter/lokalt/Bergens-blogger-pagrepet-2732162.html}",
  year = 2012, 
  note = "[Online; accessed 28-January-2014]"
}

@misc{UH,
  author = {Dagbladet},
  title = {{U}baydullah {H}ussain is accused of violent threats (norwegian)},
  howpublished = "\url{http://www.dagbladet.no/2013/11/20/nyheter/ubaydullah_hussain/innenriks/islamisme/trusler/30429704/}",
  year = {2014}, 
  note = "[Online; accessed 28-January-2014]"
}

@misc{AQ,
  author = {TheTimesOfIndia},
  title = {{A}kbaruddin {O}waisi arrested in hate speech case},
  howpublished = "\url{http://articles.timesofindia.indiatimes.com/2013-01-08/india/36216031_1_nirmal-rural-police-akbaruddin-owaisi-police-stations}",
  year = 2014, 
  note = "[Online; accessed 28-January-2008]"
}

@misc{VV,
  author = {Euronews},
  title = {{N}eo-{N}azi and black metal star {V}arg {V}ikernes arrested in {F}rance},
  howpublished = "\url{http://www.euronews.com/2013/07/16/neo-nazi-and-black-metal-star-varg-vikernes-arrested-in-france-/}",
  year = {2013}, 
  note = "[Online; accessed 28-January-2014]"
}

@misc{ICCPR,
  author = {UnitedNations},
  title = {{I}nternational {C}ovenant on {C}ivil and {P}olitical {R}ights},
  howpublished = "\url{http://www.ohchr.org/en/professionalinterest/pages/ccpr.aspx}",
  year = 2014, 
  note = "[Online; accessed 28-January-2014]"
}

@article{Powers11,
  author = {Dawid Powers},
  journal = {Journal of Machine Learning Technologies},
  pages = {37--63},
  number = {2},
  title = {{E}valuation: {F}rom {P}recision, {R}ecall and {F}-{F}actor to {ROC}, {I}nformedness, {M}arkedness \& {C}orrelation},
  volume = {1},
  year = {2011}
}

@techreport{Fekete11,
author = {Liz Fekete},
title = {{T}he {M}uslim conspiracy theory and the {O}slo massacre},
institution = {Institute of Race Relations},
number = {53(3): 30 -- 47},
year = 2011
}

@article{Cortes95,
 author = {Cortes, Corinna and Vapnik, Vladimir},
 title = {{S}upport-{V}ector {N}etworks},
 journal = {Mach. Learn.},
 issue_date = {Sept. 1995},
 volume = {20},
 number = {3},
 month = sep,
 year = {1995},
 issn = {0885-6125},
 pages = {273--297},
 numpages = {25},
 url = {http://dx.doi.org/10.1023/A:1022627411411},
 doi = {10.1023/A:1022627411411},
 acmid = {218929},
 publisher = {Kluwer Academic Publishers},
 address = {Hingham, MA, USA},
 keywords = {efficient learning algorithms, neural networks, pattern recognition, polynomial classifiers, radial basis function classifiers},
} 

@Manual{R,
    title = {{R}: {A} {L}anguage and {E}nvironment for {S}tatistical {C}omputing},
    author = {{R Core Team}},
    organization = {R Foundation for Statistical Computing},
    address = {Vienna, Austria},
    year = {2013},
    url = {http://www.R-project.org/},
}

@Manual{lme4,
    title = {lme4: {L}inear mixed-effects models using {S}4 classes},
    author = {Douglas Bates and Martin Maechler and Ben Bolker},
    year = {2013},
    note = {R package version 0.999999-2},
    url = {http://CRAN.R-project.org/package=lme4},
}

@misc{Disqus,
  author = {Disqus},
  howpublished = "\url{www.disqus.com}",
  year = 2013, 
}

@BOOK{Galecki13,
         AUTHOR = {Andrzej Galecki and Tomasz Burzykowski},
         title = {{L}inear {M}ixed-{E}ffects {M}odels {U}sing {R}: {A} {S}tep-by-{S}tep {A}pproach},
         PUBLISHER = {Springer},
         YEAR    = {2013}
}

@BOOK{Liu12,
         AUTHOR = {Liu, B.},
         title = {{S}entiment {A}nalysis and {O}pinion {M}ining},
         PUBLISHER = {Morgan and Claypool Publishers},
         YEAR    = {2012}
}

@article{Prieto12,
  author    = {V\'{\i}ctor M. Prieto and
               Manuel {\'A}lvarez and
               Rafael L{\'o}pez-Garc\'{\i}a and
               Fidel Cacheda},
  title     = {A scale for crawler effectiveness on the client-side hidden
               web},
  journal   = {Comput. Sci. Inf. Syst.},
  volume    = {9},
  number    = {2},
  year      = {2012},
  pages     = {561-583},
  ee        = {http://dx.doi.org/10.2298/CSIS111215015P},
  bibsource = {DBLP, http://dblp.uni-trier.de}
}

@article{Dhenakaran11,
  author = {S. Dhenakaran and K. Thirugnana Sambanthan},
  journal = {International Journal of Computer Science and Communication},
  pages = {265--267},
  number = {1},
  title = {{W}eb {C}rawler -- {A}n {O}verview},
  volume = {2},
  year = {2011}
}

@INPROCEEDINGS{Prieto12_2,
AUTHOR = "VÃ­ctor M. Prieto and Manuel Ãlvarez and Rafael LÃ³pez-GarcÃ­a and Fidel Cacheda",
title = {"{A}nalysing the {E}ffectiveness of {C}rawlers on the {C}lient-{S}ide {H}idden {W}eb"},
booktitle = {"{PAAMS} ({W}orkshops)'12"},
PAGES = {141-148},
YEAR = {2012}, 
}

@article{Nielsen11,
  author    = {Finn {\AA}rup Nielsen},
  title     = {A new {ANEW}: Evaluation of a word list for sentiment analysis
               in microblogs},
  journal   = {CoRR},
  volume    = {abs/1103.2903},
  year      = {2011},
  ee        = {http://arxiv.org/abs/1103.2903},
  bibsource = {DBLP, http://dblp.uni-trier.de}
}

@misc{WebKit,
  author = {WebKit},
  howpublished = "\url{https://www.webkit.org/}",
  note = "[Online; accessed 25-January-2014]"
}

@misc{Nutch,
  author = {Nutch},
  howpublished = "\url{http://nutch.apache.org/bot.html}",
  note = "[Online; accessed 25-January-2014]"
}

@misc{IBM,
  author = {Corporate, IBM},
  howpublished = "\url{http://www-01.ibm.com/software/analytics/solutions/customer-analytics/social-media-analytics/}", 
  note = "[Online; accessed 25-January-2014]"
}

@misc{SAS,
  author = {Institute, SAS},
  howpublished = "\url{http://www.sas.com/software/customer-} \\ \url{intelligence/social-media-analytics.html}", 
  note = "[Online; accessed 25-January-2014]"
}

@misc{GoogleAnalytics,
  author = {Analytics, Google},
  howpublished = "\url{www.google.com/analytics/}",
  year = 2013, 
  note = "[Online; accessed 25-January-2014]"
}

@incollection{Alvarez06,
    author = {\'{A}lvarez, Manuel and Pan, Alberto and Raposo, Juan and Hidalgo, Justo},
    booktitle = {{A}dvances in {W}eb-{A}ge {I}nformation {M}anagement},
    chapter = 22,
    citeulike-article-id = 9510711,
    citeulike-linkout-0 = {http://dx.doi.org/10.1007/11775300\_22},
    citeulike-linkout-1 = {http://www.springerlink.com/content/t7rl73k4v7715746},
    doi = {10.1007/11775300\_22},
    editor = {Yu, Jeffrey and Kitsuregawa, Masaru and Leong, Hong},
    isbn = {978-3-540-35225-9},
    keywords = {\_p-bisiachia, web-crawl},
    pages = {252--262},
    posted-at = {2011-07-05 08:20:26},
    priority = 2,
    publisher = {Springer Berlin / Heidelberg},
    series = {Lecture Notes in Computer Science},
    title = {{C}rawling {W}eb {P}ages with {S}upport for {C}lient-{S}ide {D}ynamism},
    url = {http://dx.doi.org/10.1007/11775300\_22},
    volume = 4016,
    year = 2006
}


@article{Fu10,
  author = {Fu, Tianjun and Abbasi, Ahmed and Chen, Hsinchun},
  journal = {Journal of the American Society for Information Science and Technology},
  pages = {1213 --1231},
  number = 6,
  title = {{A} focused crawler for {D}ark {W}eb forums},
  volume = 61,
  year = 2010
}


@article{Abbasi08,
  author = {Abbasi, A. and   Chen, H. and Thoms, S. and Fu, T.},
  journal = {IEEE Transactions, Knowledge and Data Engineering},
  pages = {1168 -- 1180},
  number = 9,
  title = {{A}ffect {A}nalysis of {W}eb {F}orums and {B}logs {U}sing {C}orrelation {E}nsembles},
  volume = 20,
  year = 2008
}


@BOOK{Aggerwal12,
         AUTHOR = {Aggarwal, Charu C and Zhai, ChengXiang},
         title = {{M}ining text data},
         PUBLISHER = {Springer},
         YEAR    = {2012}
}

@BOOK{Bing11,
         AUTHOR = {Bing, Liu},
         title = {{W}eb {D}ata {M}ining. {E}xploring {H}yperlinks, {C}ontents, and {U}sage {D}ata},
         PUBLISHER = {Springer},
         YEAR    = {2011}
}

@article{Solka08,
  author = {Solka, Jeffrey L.},
  journal = {Statistical Surveys},
  pages = {94 -- 112},
  title = {{T}ext {D}ata {M}ining: {T}heory and {M}ethods},
  volume = 2,
  year = 2008
}

@misc{s1,
  author = {Taylor, Hannah},
  title = {{S}ocial {M}edia for {S}ocial {C}hange. {U}sing the {I}nternet to {T}ackle {I}ntolerance},
  howpublished = "Institute for Strategic Dialogue, \url{http://tsforum.event123.no/UD/rehc2013/pop.cfm?FuseAction=Doc&pAction=View&pDocumentId=46414}",
  year = {2013}, 
  note = "[Online; accessed 21-January-2014]"
}

@misc{r4,
  author = {Fekete, Liz},
  title = {{P}edlars of hate: {T}he violent impact of the {E}uropean far {R}ight},
  howpublished = "Institute of Race Relations, \url{http://www.irr.org.uk/wp-content/uploads/2012/06/PedlarsofHate.pdf}",
  year = 2013, 
  note = "[Online; accessed 21-January-2014]"
}

@misc{r11,
  author = {Wilson, Robin and Hainsworth, Paul},
  title = {{F}ar-right {P}arties and discourse in {E}urope: {A} challenge for our times},
  howpublished = "European network against racism, \url{http://cms.horus.be/files/99935/MediaArchive/publications/20060_Publication_Far_right_EN_LR.pdf}",
  year = {2013}, 
  note = "[Online; accessed 21-January-2014]"
}

@misc{r6,
  author = {Goodwin, Matthew and Ramalingam, Vidhya and Briggs, Rachel},
  title = {{T}he {N}ew {R}adical {R}ight: {V}iolent and {N}on-{V}iolent {M}ovements in {E}urope},
  howpublished = "Institute for Strategic Dialogue, \url{http://www.strategicdialogue.org/ISD%20Far%20Right%20Feb2012.pdf}",
  year = {2013}, 
  note = "[Online; accessed 21-January-2014]"
}
@misc{s2,
  author = {Bartlett, Jamie and Birdwell, Jonathan and Littler, Mark},
  title = {{T}he rise of populism in {E}urope can be traced through online behaviour...},
  howpublished = "Demos, \url{http://www.demos.co.uk/files/Demos_OSIPOP_Book-web_03.pdf?1320601634}",
  year = {2013}, 
  note = "[Online; accessed 21-January-2014]"
}

@misc{Horgan13,
  author = {Horgan, John and Stern, Jessica},
  title = {{T}errorism {R}esearch {H}as {N}ot {S}tagnated},
  howpublished = "\url{http://chronicle.com/blogs/conversation/2013/05/08/terrorism-research-has-not-stagnated/}",
  year = 2013, 
  note = "[Online; accessed 14-January-2014]"
}

@misc{start,
  author = {{N}ational {C}onsortium for the {S}tudy of {T}errorism and {R}esponses to {T}errorism {U}niversity of {M}aryland},
  howpublished = "\url{http://www.start.umd.edu/start/}",
  year = {2013}, 
  note = "[Online; accessed 14-January-2014]"
}

@misc{DarkWeb,
  author = {{D}ark {W}eb {T}errorism {R}esearch {U}niversity of {A}rizona},
  howpublished = "\url{http://ai.arizona.edu/research/terror/}",
  year = {2013}, 
  note = "[Online; accessed 14-January-2014]"
}

@misc{icst,
  author = {{I}nternational {C}enter for the {S}tudy of {T}errorism {P}enn State},
  howpublished = "\url{http://www.icst.psu.edu/}",
  year = {2013}, 
  note = "[Online; accessed 14-January-2014]"
}

@misc{ConfRW,
  author = {Right-wing {E}xtremism and {H}ate {C}rime: {M}inorities under
                  {P}ressure in {E}urope and {B}eyond},
  howpublished = "\url{http://tsforum.event123.no/UD/rehc2013/hjem.cfm}",
  year = {2013}, 
  note = "[Online; accessed 14-January-2014]"
}

@misc{Sultan12,
         AUTHOR = {Sultan, Shoaib and Steen, Rune Berglund},
         title = {{R}ight wing extremism in {N}orway ({N}orwegian)},
         HOWPUBLISHED = {The Norwegian Centre against Racism},
         YEAR    = 2012
}

@misc{Omand12,
         AUTHOR = {Omand, Sir David and Bartlett, Jamie and Miller, Carl},
         title = {{A} balance between security and privacy online must be struck...},
         HOWPUBLISHED = {Demos},
         YEAR    = 2012
}

@misc{ConfTackling,
  author = {Tackling hate speech: {L}iving together online},
  howpublished = "\url{http://hub.coe.int/hate-speech-conference}",
  year = {2013}, 
  note = "[Online; accessed 10-January-2014]"
}

@misc{NoHateCamp,
  author = {No hate speech movement},
  howpublished = "\url{http://www.nohatespeechmovement.org/}",
  year = {2013}, 
  note = "[Online; accessed 10-January-2014]"
}

@BOOK{Subrahmanian12,
         AUTHOR = {Subrahmanian, V. S.},
         title = {{H}andbook of {C}omputational {A}pproaches to {C}ounterterrorism},
         PUBLISHER = {Springer},
         YEAR    = {2012}
}

@BOOK{Chen08,
         AUTHOR = {Chen, Hsinchun and Reid, Edna and Sinai, Joshua and Silke, Andrew and Ganor, Boaz},
         title = {{T}errorism {I}nformatics; {K}nowledge {M}anagement and {D}ata {M}ining for {H}omeland {S}ecurity},
         PUBLISHER = {Springer},
         YEAR    = 2008
}

@BOOK{Strommen12,
         AUTHOR = {{\O}yvind Str{\o}mmen},
         title = {{T}he {D}ark {N}et. {O}n {R}ight-{W}ing {E}xtremism, {C}ounter-{J}ihadism and {T}error in {E}urope},
         PUBLISHER = {Cappelen Damm},
         YEAR    = 2012
}

@misc{Sunde12,
  author = {Extremism on the {I}nternet must be monitored ({N}orwegian)},
  howpublished = "\url{http://www.forskning.no/artikler/2012/august/331863}",
  year = 2012, 
  note = "[Online; accessed 8-January-2014]"
}

@misc{Sunde13,
  author = {Sunde, Inger Marie},
  year = {2013},
  title = {{P}reventing radicalization and violent extremism on the {I}nternet ({N}orwegian)},
  howpublished = {The Norwegian Police University College 2013:1}
}

@article{Genkin07,
  author = {Genkin, Alexander and Lewis, David D. and Madigan, David},
  journal = {Technometrics},
  keywords = {classification data_mining logistic regression text_mining},
  pages = {291--304},
  number = 14,
  title = {{L}arge-{S}cale {B}ayesian {L}ogistic {R}egression for {T}ext {C}ategorization},
  url = {http://www.ingentaconnect.com/content/asa/tech/2007/00000049/00000003/art00007},
  volume = 49,
  year = 2007
}

@article{Salton88,
  added-at = {2012-03-20T05:00:52.000+0100},
  author = {Salton, G. and Buckley, C.},
  biburl = {http://www.bibsonomy.org/bibtex/292371c21b74ce562680410f80d18d4c4/wyswilson},
  interhash = {4605fc5d206bd5cbc617c560584406bb},
  intrahash = {92371c21b74ce562680410f80d18d4c4},
  journal = { Information Processing \& Management},
  keywords = {imported},
  number = { 5},
  pages = { 513-523},
  timestamp = {2012-03-20T05:00:52.000+0100},
  title = { {T}erm-{W}eighting {A}pproaches in {A}utomatic {T}ext {R}etrieval},
  url = {/brokenurl# http://publication.wilsonwong.me/load.php?id=233281618},
  volume = { 24},
  year = { 1988}
}

@ARTICLE{Robertson04, 
   author = {Stephen Robertson}, 
   title = {{U}nderstanding inverse document frequency: {O}n theoretical arguments for {IDF}},
   journal = {Journal of Documentation}, 
   volume = 60,
   number = 5,
   pages = {1 -- 19},
   year = 2004, 
   pdf={http://www.soi.city.ac.uk/~ser/idfpapers/Robertson_idf_JDoc.pdf}, 
   url={http://www.soi.city.ac.uk/~ser/idf.html}, 
 }

 @Article{Friedman10,
    title = {{R}egularization {P}aths for {G}eneralized {L}inear {M}odels via {C}oordinate {D}escent},
    author = {Jerome Friedman and Trevor Hastie and Robert Tibshirani},
    journal = {Journal of Statistical Software},
    year = {2010},
    volume = {33},
    number = {1},
    pages = {1--22},
    url = {http://www.jstatsoft.org/v33/i01/},
 }

@ARTICLE{Tibshirani94,
    author = {Robert Tibshirani},
    title = {{R}egression {S}hrinkage and {S}election {V}ia the {L}asso},
    journal = {Journal of the Royal Statistical Society, Series B},
    year = {1994},
    volume = {58},
    pages = {267--288}
}

@misc{Zhu04,
  author = {H Zou and Trevor Hastie},
  title = {elasticnet: {E}lastic {N}et {R}egularization and {V}ariable {S}election},
  howpublished= {R package version 1.02},
  year = 2004,
  url=         {http://CRAN.R-project.org/package=elasticnet},
}

@inproceedings{Sol13,
 author = {Solberg, Per Erik},
 title = {{B}uilding {G}old-{S}tandard {T}reebanks for {N}orwegian},
 booktitle = {{P}roceedings of {NODALIDA} 2013},
 series = {{L}inköping {E}lectronic {C}onference {P}roceedings no. 85},
 year = {2013},
 location = {Oslo, Norway},
 pages = {459--464},
 url = {http://www.ep.liu.se/ecp/085/044/ecp1385044.pdf},
 publisher = {{L}i{U} {E}lectronic {P}ress},
 address = {Linköping, Sweden},
} 

@inproceedings{Sol14,
 author = {Per Erik Solberg and Arne Skj{\ae}rholt and Lilja {\O}vrelid and Kristin Hagen and Janne Bondi Johannessen},
 title = {{T}he {N}orwegian {D}ependency {T}reebank},
 booktitle = {{P}roceedings of {LREC} 2014},
 year = {2014},
 note = "Accepted",
 location = {Reykjavik Iceland},
} 

@Techreport{Kinn2013,
 author = {Kinn, Kari and Eriksen, Pål Kristian and Solberg, Per Erik},
 year = 2014,
 title = {{NDT} {G}uidelines for {M}orphological and {S}yntactic {A}nnotation},
 institution = {National Library of Norway},
 url = {http://www.nb.no/English/ Collection-and-Services/ Spraakbanken/Available-resources/ Text-Resources}}

@BOOK{Heim98,
 AUTHOR = {Irene Heim and Angelika Kratzer},
 title = {{S}emantics in {G}enerative {G}rammar},
 PUBLISHER = {Blackwell},
 YEAR = {1998}
}

@article{Hooper73,
  author = {Joan B. Hooper and Sandra A. Thompson},
  journal = {{L}inguistic {I}nquiry},
  pages = {465--497},
  number = {4},
  title = {{O}n the {A}pplicability of {R}oot {T}ransformations},
  volume = {4},
  year = {1973}
}
